<collection xmlns="http://www.loc.gov/MARC21/slim">
<record>
  <leader>01745nam0a2200241 i 450 </leader>
  <controlfield tag="001">IT\ICCU\CNCE\058981</controlfield>
  <controlfield tag="005">20071019000000.0</controlfield>
  <datafield tag="012" ind1=" " ind2=" ">
    <subfield code="a">i.e. o.O. I.a, t-te (S) 1582 (Q)</subfield>
    <subfield code="2">fei</subfield>
  </datafield>
  <datafield tag="100" ind1=" " ind2=" ">
    <subfield code="a">20040818f1582        0itac0103    ba</subfield>
  </datafield>
  <datafield tag="101" ind1=" " ind2=" ">
    <subfield code="a">ITA</subfield>
  </datafield>
  <datafield tag="102" ind1=" " ind2=" ">
    <subfield code="a">IT</subfield>
  </datafield>
  <datafield tag="200" ind1="1" ind2=" ">
    <subfield code="a">Alfonso secondo, per gratia di Dio duca di Ferrara, di Modona, di Reggio, &amp; di Chiartres, &amp;c. ... Desiderando sommamente noi di perseguitare con ogni modo possibile gli huomini scelerati, che vanno infestando di continuo i sudditi, che cercano di viuere quieta, et pacificamente nelle citt,̉ terre, et luoghi nostri, et di torre la commodit ̉ad ogn&apos;uno di commettere delitti, et sapendo anche che tale  ̈la mente dell&apos;illustriss. et reuerendiss. monsig. card. Vercelli legato della Romagna, et c. habbiamo deliberato di stabilire di commune concordia, ordini, prouisioni, et leggi tali, che quelli, che hauessero animo di machinare contra i buoni, se ne debbano astenere per timor della pena ...</subfield>
  </datafield>
  <datafield tag="210" ind1=" " ind2=" ">
    <subfield code="a">\Ferrara!</subfield>
    <subfield code="c">stampata per Vittorio Baldini</subfield>
    <subfield code="d">\1582!</subfield>
  </datafield>
  <datafield tag="215" ind1=" " ind2=" ">
    <subfield code="a">1 manifesto</subfield>
    <subfield code="d">atl</subfield>
  </datafield>
  <datafield tag="300" ind1=" " ind2=" ">
    <subfield code="a">Convenzione col legato di Romagna contro i delinquenti. - La data si ricava dalla fine del testo: Dat. nel castello della nostra citt ̉di Ferrara il d vltimo di genaio MDLXXXII</subfield>
  </datafield>
  <datafield tag="620" ind1=" " ind2=" ">
    <subfield code="a">IT</subfield>
    <subfield code="d">Ferrara</subfield>
  </datafield>
  <datafield tag="710" ind1="0" ind2="2">
    <subfield code="a">Ferrara</subfield>
    <subfield code="c"> &lt;Ducato&gt;</subfield>
    <subfield code="3">IT\ICCU\CNCT\005321</subfield>
  </datafield>
  <datafield tag="702" ind1=" " ind2="1">
    <subfield code="a">Este,</subfield>
    <subfield code="b">Alfonso : d&apos;</subfield>
    <subfield code="c"> &lt;duca di Ferrara</subfield>
    <subfield code="c"> ; 2.&gt;</subfield>
    <subfield code="3">IT\ICCU\CNCA\016460</subfield>
  </datafield>
  <datafield tag="712" ind1="0" ind2="0">
    <subfield code="a">Baldini, Vittorio</subfield>
    <subfield code="3">IT\ICCU\CNCT\000024</subfield>
    <subfield code="4">650</subfield>
  </datafield>
  <datafield tag="791" ind1="0" ind2="2">
    <subfield code="a">Stamperia Camerale</subfield>
    <subfield code="c"> &lt;Ferrara&gt;</subfield>
    <subfield code="3">IT\ICCU\CNCT\002460</subfield>
    <subfield code="z">Baldini, Vittorio</subfield>
  </datafield>
  <datafield tag="791" ind1="0" ind2="0">
    <subfield code="a">Baldinus, Victorius</subfield>
    <subfield code="3">IT\ICCU\CNCT\004286</subfield>
    <subfield code="z">Baldini, Vittorio</subfield>
  </datafield>
  <datafield tag="801" ind1=" " ind2="3">
    <subfield code="a">IT</subfield>
    <subfield code="b">ICCU</subfield>
    <subfield code="c">20201115</subfield>
  </datafield>
  <datafield tag="899" ind1=" " ind2=" ">
    <subfield code="a">Archivio di Stato di Reggio Emilia. Reggio Emilia</subfield>
    <subfield code="1">RE0048</subfield>
    <subfield code="2">ZRE 11</subfield>
  </datafield>
</record>
</collection>
